%%%%%%%%%%%%%%%%%%%%%%%%%%%%%%%%%%%%%%%%%%%%%%%%%%%%%%%%%%%%%%%%%%%%%%%
%                                                                      %
%                       my bibliography                                %
%                                                                      %
%%%%%%%%%%%%%%%%%%%%%%%%%%%%%%%%%%%%%%%%%%%%%%%%%%%%%%%%%%%%%%%%%%%%%%%%
%
% Time-stamp: <2013-01-17 17:38:05 jinglu> 
%
%
@book{witten2016data,
  title={Data Mining: Practical machine learning tools and techniques},
  author={Witten, Ian H and Frank, Eibe and Hall, Mark A and Pal, Christopher J},
  year={2016},
  publisher={Morgan Kaufmann}
}


@inproceedings{Yang2016, 
  author = {J. Yang and B. Price and S. Cohen and H. Lee, M. Yang},
  title = {Object Contour Detection With a Fully Convolutional Encoder-Decoder Network},
  booktitle = {Proc. of The IEEE Conference on Computer Vision and Pattern Recognition},
  year = {2016},   
  pages = {193--202},
}

@article{Arbelaez2011,
  author = {P. Arbel\'aez and M. Maire and C. Fowlkes and J. Malik},
  title = {Contour Detection and Hierarchical Image Segmentation},
  journal = {IEEE Transactions on Pattern Analysis and Machine Intelligence},
  year = {2011},
  volume = {33},
  pages = {898--916},
} 

@article{Malik2001,
  author = {J. Malik and S. Belongie and T. Leung, J. Shi},
  title = {Contour and Texture Analysis for Image Segmentation},
  journal = {International Journal of Computer Vision},
  year = {2001},
  volume = {43},
  pages = {7--27},
} 

@inproceedings{Krahenbuhl2015,
  author = {P. Kr\"ahenb\"uhl and V. Koltun}, 
  title = {Learning to Propose Objects},
  booktitle = {Proc. of The International Conference on Neural Information Processing Systems},
  year = {2015},   
  pages = {1574--1582},
}

@inproceedings{Pinheiro2015,
  author = {P. O. Pinheiro and R. Collobert and P. Dollar},
  title = {Learning to Segment Object Candidates},
  booktitle = {Proc. of The IEEE Conference on Computer Vision and Pattern Recognition},
  year = {2015}, 
}

@article{Everingham2010,
  author = {M. Everingham and L. J. V. Gool and C. K. I. Williams and J. M. Winn and A. Zisserman},
  title = {The Pascal Visual Object Classes (VOC) Challenge},
  journal = {International Journal of Computer Vision},
  year = {2010},
  volume = {88},
  pages = {303--338},
} 

@inproceedings{Girshick2015, 
  author = {Ross Girshick},
  title = {Fast R-CNN},
  booktitle = {Proc. of The IEEE International Conference on Computer Vision},
  year = {2015},   
  pages = {1440--1448},
}

@inproceedings{Zitnick2014, 
  author = {C. L. Zitnick and P. Doll\'ar},
  title = {Edge Boxes: Locating Object Proposals from Edges},
  booktitle = {Proc. of European Conference on Computer Vision},
  year = {2014},   
  pages = {391--405},
}

@inproceedings{Lee2015, 
  author = {K. Lee and A. Zlateski and A. Vishwanathan and H. S. Seung},
  title = {Recursive Training of 2D-3D Convolutional Networks for Neuronal Boundary Detection},
  booktitle = {Proc. of The International Conference on Neural Information Processing Systems},
  year = {2015},   
  pages = {3573--3581},
}

@inproceedings{Ciresan2012, 
  author = {D. Ciresan and A. Giusti and L. M. Gambardella and J. Schmidhuber},
  title = {Deep Neural Networks Segment Neuronal Membranes in Electron Microscopy Images},
  booktitle = {Proc. of The International Conference on Neural Information Processing Systems},
  year = {2012},   
  pages = {2852--2860},
}

@article{Quan2016,
  title={FusionNet: A Deep Fully Residual Convolutional Neural Network for Image Segmentation in Connectomics},
  author={T. M. Quan and D. G. C. Hildebrand and W. Jeong},
  journal={CoRR},
  year={2016},
  volume={abs/1612.05360},
}

@inproceedings{Ronneberger2015, 
  author = {O. Ronneberger and P. Fischer and T. Brox},
  title = {U-Net: Convolutional Networks for Biomedical Image Segmentation},
  booktitle = {Proc. of The International Conference on Medical Image Computing and Computer-Assisted Intervention},
  year = {2015},   
  pages = {234--241},
}

@inproceedings{Xie2015, 
  author = {S. Xie and Z. Tu},
  title = {Holistically-Nested Edge Detection},
  booktitle = {Proc. of The IEEE International Conference on Computer Vision},
  year = {2015},   
  pages = {1395--1403},
}

@inproceedings{Krahenbuhl2011, 
  author = {P. Kr\"ahenb\"uhl and A. Giusti and L. M. Gambardella and J. Schmidhuber},
  title = {Efficient Inference in Fully Connected CRFs with Gaussian Edge Potentials},
  booktitle = {Proc. of The International Conference on Neural Information Processing Systems},
  year = {2011},   
  pages = {109--117},
}

@inproceedings{Long2015, 
  author = {J. Long and E. Shelhamer and T. Darrell},
  title = {Fully Convolutional Networks for Semantic Segmentation},
  booktitle = {Proc. of The IEEE Conference on Computer Vision and Pattern Recognition},
  year = {2015}, 
  pages = {3431--3440},
}

@article{Canny1986,
  author = {J. Canny},
  title = {A Computational Approach to Edge Detection},
  journal = {IEEE Transactions on Pattern Analysis and Machine Intelligence},
  year = {1986},
  volume = {8},
  pages = {679--698},
} 

@article{Sobel2014,
author = {I. Sobel},
year = {2014},
month = {02},
pages = {},
title = {An Isotropic 3 3 Image Gradient Operator},
booktitle = {Presentation at Stanford A.I. Project 1968}
}

@inproceedings{Dollar2013, 
  author = {P. Dollar and C. L. Zitnick},
  title = {Structured Forests for Fast Edge Detection},
  booktitle = {Proc. of The IEEE International Conference on Computer Vision},
  year = {2013},   
  pages = {1841--1848},
}

@inproceedings{Shen2015, 
  author = {W. Shen and X. Wang and Y. Wang and X. Bai and Z. Zhang},
  title = {DeepContour: A Deep Convolutional Feature Learned by Positive-sharing Loss for Contour Detection},
  booktitle = {Proc. of The IEEE Conference on Computer Vision and Pattern Recognition},
  year = {2015}, 
  pages = {3982--3991},
}

@inproceedings{Kivinen2014, 
  author = {J. Kivinen and C. Williams and N. Heess},
  title = {Visual Boundary Prediction: A Deep Neural Prediction Network and Quality Dissection},
  booktitle = {Proc. of The International Conference on Artificial Intelligence and Statistics},
  year = {2014}, 
  pages = {512--521},
}

@inproceedings{Ganin2014, 
  author = {W. Shen and X. Wang and Y. Wang and X. Bai and Z. Zhang},
  title = {N\^{4}-Fields: Neural Network Nearest Neighbor Fields for Image Transforms},
  booktitle = {Proc. of Asian Conference on Computer Vision},
  year = {2014}, 
  pages = {536--551},
}

@article{Lichtman2011,
  author = {J. W. Lichtman and W. Denk},
  title = {The Big and the Small: Challenges of Imaging the Brains Circuits},
  journal = {Science},
  year = {2011},
  volume = {334},
  pages = {618--623},
} 

@article{Helmstaedter2013,
  author = {M. Helmstaedter},
  title = {Cellular-resolution Connectomics: Challenges of Dense Neural Circuit Reconstruction},
  journal = {Nature methods},
  year = {2013},
  volume = {10},
  pages = {501--507},
} 

@article{Sporns2005,
  author = {O. Sporns and G. Tononi and R. K\"otter},
  title = {The Human Connectome: A Structural Description of the Human Brain},
  journal = {PLoS Comput Biol},
  year = {2005},
  volume = {1},
  pages = {e42},
} 

@article{Zlateski2015,
  title={FusionNet: A Deep Fully Residual Convolutional Neural Network for Image Segmentation in Connectomics},
  author={A. Zlateski and H. S. Seung},
  journal={CoRR},
  year={2015},
  volume={abs/1505.00249},
}

@article{Wang2014,
  author = {X. Wang and B. Feng and X. Bai and W. Liu and L. J. Latecki},
  title = {Bag of Contour Fragments for Robust Shape Classification},
  journal = {Pattern Recognition},
  year = {2014},
  volume = {47},
  pages = {2116--2125},
} 

@article{Shen2016PRL,
  author = {W. Shen and Y. Jiang and W. Gao and D. Zeng and Z. Zhang},
  title = {Shape Recognition by Bag of Skeleton-associated Contour Parts},
  journal = {Pattern Recognition Letters},
  year = {2016},
  volume = {83},
  pages = {321--329},
} 

@inproceedings{Shen2014CCPR, 
  author = {W. Shen and X. Wang and C. Yao and X. Bai},
  title = {Shape Recognition by Combining Contour and Skeleton into a Mid-Level Representation},
  booktitle = {Proc. of Chinese Conference on Pattern Recognition},
  year = {2014}, 
  pages = {391--400},
}

@inproceedings{Krizhevsky2012,
  author = {A. Krizhevsky and I. Sutskever and G. E. Hinton}, 
  title = {ImageNet Classification with Deep Convolutional Neural Networks},
  booktitle = {Proc. of The International Conference on Neural Information Processing Systems},
  year = {2012},   
  pages = {1106--1114},
}

@article{Simonyan2014,
  title={Very Deep Convolutional Networks for Large-Scale Image Recognition},
  author={K. Simonyan and A. Zisserman},
  journal={CoRR},
  year={2014},
  volume={abs/1409.1556},
}

@inproceedings{He2016, 
  author = {K. He, X. Zhang and S. Ren, J. Sun},
  title = {Deep Residual Learning for Image Recognition},
  booktitle = {Proc. of The IEEE Conference on Computer Vision and Pattern Recognition},
  year = {2016}, 
  pages = {770--778},
}

@inproceedings{Girshick2014, 
  author = {R. Girshick and J. Donahue and T. Darrell and J. Malik},
  title = {Rich Feature Hierarchies for Accurate Object Detection and Semantic Segmentation},
  booktitle = {Proc. of The IEEE Conference on Computer Vision and Pattern Recognition},
  year = {2014}, 
  pages = {580--587},
}

@inproceedings{Ren2015,
  author = {S. Ren and K. He and R. Girshick and J. Sun}, 
  title = {Faster R-CNN: Towards Real-Time Object Detection with Region Proposal Networks},
  booktitle = {Proc. of The International Conference on Neural Information Processing Systems},
  year = {2015},   
  pages = {91--99},
}

@inproceedings{Lim2013, 
  author = {J. J. Lim and C. L. Zitnick and P. Dollar},
  title = {Sketch Tokens: A Learned Mid-level Representation for Contour and Object detection},
  booktitle = {Proc. of The IEEE Conference on Computer Vision and Pattern Recognition},
  year = {2013}, 
  pages = {3158--3165},
}

@inproceedings{Boykov2001, 
  author = {Y.Y. Boykov and M. P. Jolly},
  title = {Interactive Graph Cuts for Optimal Boundary and Region Segmentation of Objects in N-D Images},
  booktitle = {Proc. of The IEEE International Conference on Computer Vision},
  year = {2001},   
  pages = {105--112},
}

@inproceedings{Uzunbas2014, 
  author = {M. G. Uzunbas and C. Chen and D. N. Metaxas},
  title = {Optree: A Learning-based Adaptive Watershed Algorithm for Neuron Segmentation},
  booktitle = {Proc. of The International Conference on Medical Image Computing and Computer-Assisted Intervention},
  year = {2014},   
  pages = {97--105},
}

@article{Najman1996,
  author = {L. Najman and M. Schmitt},
  title = {Geodesic Saliency of Watershed Contours and Hierarchical Segmentation},
  journal = {IEEE Transactions on Pattern Analysis and Machine Intelligence},
  year = {1996},
  volume = {18},
  pages = {1163--1173},
} 

@inproceedings{Seyedhosseini2011, 
  author = {M. Seyedhosseini and R. Kumar and E. Jurrus and R. Giuly and M. Ellisman and H. Pfister and T. Tasdizen},
  title = {Detection of Neuron Membranes in Electron Microscopy Images Using Multi-scale Context and Radon-like Features.},
  booktitle = {Proc. of The International Conference on Medical Image Computing and Computer-Assisted Intervention},
  year = {2011},   
  pages = {670--677},
}

@inproceedings{Kumar2010, 
  author = {R. Kumar and A. Vazquez-Reina and H. Pfister},
  title = {Radon-Like Features and Their Application to Connectomics},
  booktitle = {Proc. of The IEEE Computer Society Conference on Computer Vision and Pattern Recognition Workshops},
  year = {2010},   
  pages = {186--193},
}

@inproceedings{Kaynig2010, 
  author = {V. Kaynig and T. J. Fuchs and J. M. Buhmann},
  title = {Geometrical Consistent 3d Tracing of Neuronal Processes in Sstem Data},
  booktitle = {Proc. of The International Conference on Medical Image Computing and Computer-Assisted Intervention},
  year = {2010},   
  pages = {209--216},
}

@inproceedings{Laptev2012, 
  author = {D. Laptev and A. Vezhnevets and S. Dwivedi and J. M. Buhmann},
  title = {Anisotropic Sstem Image Segmentation Using Dense Correspondence Across Sections},
  booktitle = {Proc. of The International Conference on Medical Image Computing and Computer-Assisted Intervention},
  year = {2012},   
  pages = {323--330},
}

@article{Fakhry2017,
  author = {A. Fakhry and T. Zeng and S. Ji},
  title = {Residual Deconvolutional Networks for Brain Electron Microscopy Image Segmentation},
  journal = {IEEE Transactions on Medical Imaging},
  year = {2017},
  volume = {36},
  pages = {447--456},
} 

@article{Carreras2015,
  author = {I. Arganda-Carreras and S. C. Turaga and D. R. Berger and D. Ciresan and A. Giusti and L. M. Gambardella and J. Schmidhuber and D. Laptev and S. Dwivedi and J. M. Buhmann and T. Liu and M. Seyedhosseini and T. Tasdizen and L. Kamentsky and R. Burget and V. Uher and X. Tan and C. Sun and T. D. Pham and E. Bas and M. G. Uzunbas and A. Cardona and J. Schindelin and H. S. Seung},
  title = {Crowdsourcing the Creation of Image Segmentation Algorithms for Connectomics},
  journal = {Frontiers in Neuroanatomy},
  year = {2015},
  volume = {9},
  pages = {142},
} 

@article{Shen2017TIP,
  author = {W. Shen and K. Zhao and Y. Jiang and Y. Wang and X. Bai and A. Yuille},
  title = {DeepSkeleton: Learning Multi-Task Scale-Associated Deep Side Outputs for Object Skeleton Extraction in Natural Images},
  journal = {IEEE Transactions on Image Processing},
  year = {2017},
  volume = {26},
  pages = {5298--5311},
} 

@inproceedings{Shen2016CVPR, 
  author = {W. Shen and K. Zhao and Y. Jiang and Y. Wang and Z. Zhang and X. Bai},
  title = {Object Skeleton Extraction in Natural Images by Fusing Scale-Associated Deep Side Outputs},
  booktitle = {Proc. of The IEEE Conference on Computer Vision and Pattern Recognition},
  year = {2016}, 
  pages = {222--230},
}

@inproceedings{Arbelaez2014,
  author = {P. Arbel\'aez and J. Pont-Tuset and J. Barron and F. Marques and J. Malik},
  title = {Multiscale Combinatorial Grouping},
  booktitle = {Proc. of The IEEE Conference on Computer Vision and Pattern Recognition},
  year = {2014}, 
}

@inproceedings{Liu2017,
  author = {Y. Liu and M. Cheng and X. Hu and K. Wang and X. Bai},
  title = {Richer Convolutional Features for Edge Detection},
  booktitle = {Proc. of The IEEE Conference on Computer Vision and Pattern Recognition},
  year = {2017}, 
}

@inproceedings{Szegedy2015,
  author = {C. Szegedy and W. Liu and Y. Jia and P. Sermanet and S. Reed and D. Anguelov and D. Erhan and V. Vanhoucke and A. Rabinovich},
  title = {Going Deeper With Convolutions},
  booktitle = {Proc. of The IEEE Conference on Computer Vision and Pattern Recognition},
  year = {2015}, 
  pages = {1--9}
}

@inproceedings{Deng2009,
  author = {J. Deng and W. Dong and R. Socher and L. Li and K. Li and F. Li},
  title = {ImageNet: a Large-Scale Hierarchical Image Database},
  booktitle = {Proc. of The IEEE Conference on Computer Vision and Pattern Recognition},
  year = {2009}, 
  pages = {248--255}
}

@inproceedings{Beier2016, 
  author = {T. Beier and B. Andres and U. K\"othe and F. A. Hamprecht},
  title = {An Efficient Fusion Move Algorithm for The Minimum Cost Lifted Multicut Problem},
  booktitle = {Proc. of European Conference on Computer Vision},
  year = {2016},   
  pages = {715--730},
}

@inproceedings{Chen2016, 
  author = {H. Chen and X. Qi and J. Cheng and P. Heng},
  title = {Deep Contextual Networks for Neuronal Structure Segmentation},
  booktitle = {Proc. of The AAAI Conference on Artificial Intelligence},
  year = {2016},   
  pages = {},
}

@inproceedings{Chen2016DeepCN,
  title={Deep Contextual Networks for Neuronal Structure Segmentation},
  author={Hao Chen and Xiaojuan Qi and Jie-Zhi Cheng and Pheng-Ann Heng},
  booktitle={AAAI},
  year={2016}
}


@article{Drozdzal2017,
  title={Learning Normalized Inputs for Iterative Estimation in Medical Image Segmentation},
  author={M. Drozdzal and G. Chartrand and E. Vorontsov and L. Di-Jorio and A. Tang and A. Romero and Y. Bengio and C. Pal and S. Kadoury},
  journal={CoRR},
  year={2017},
  volume={abs/1702.05174},
}












